@article{brandes:bc,
  title={{A faster algorithm for betweenness centrality}},
   author={Brandes, U.},
   journal={The Journal of Mathematical Sociology},
   volume={25},
   number={2},
   pages={163--177},
   issn={0022-250X},
   year={2001},
   publisher={Routledge}
} 

@article{buluc:cblas,
  author = {A. Bulu\c{c} and J. R. Gilbert},
  title = {The {C}ombinatorial {BLAS}: Design, {I}mplementation, and {A}pplications},
  journal = {International Journal of High Performance Computing Applications},
  year = {2011},
  volume = {25},
  number = {4},
  abstract = {http://www.cs.ucsb.edu/research/tech_reports/abstract.php?id=1010},
  url = {http://www.cs.ucsb.edu/research/tech_reports/reports/2010-18.pdf},
  doi = {10.1177/1094342011403516}
}

@article{cevahir:site_based_pagerank,
 author = {A. Cevahir and C. Aykanat and A. Turk and B. B. Cambazoglu},
 title = {Site-Based {P}artitioning and {R}epartitioning {T}echniques for {P}arallel {P}age{R}ank {C}omputation},
 journal = {IEEE Transactions on Parallel Distributed Systems},
 issue_date = {May 2011},
 volume = {22},
 number = {5},
 month = may,
 year = {2011},
 issn = {1045-9219},
 pages = {786-802},
 numpages = {17},
 url = {http://dx.doi.org/10.1109/TPDS.2010.119},
 doi = {10.1109/TPDS.2010.119},
 acmid = {1978448},
 publisher = {IEEE Press},
 address = {Piscataway, NJ, USA},
} 

@article{low:graphlab,
  author    = {Yucheng Low and
               Joseph Gonzalez and
               Aapo Kyrola and
               Danny Bickson and
               Carlos Guestrin and
               Joseph M. Hellerstein},
  title     = {{GraphLab: A New Framework for Parallel Machine Learning}},
  journal   = {CoRR},
  volume    = {abs/1006.4990},
  year      = {2010},
  ee        = {http://arxiv.org/abs/1006.4990},
  bibsource = {DBLP, http://dblp.uni-trier.de}
}

@ARTICLE{valiant:bsp,
	AUTHOR = "Leslie G. Valiant",
	TITLE = "A Bridging Model for Parallel Computation",
	JOURNAL = {Communications of the ACM},
	VOLUME = {33},
	NUMBER = {8},
	PAGES = {103-111},
	MONTH = "August",
	YEAR = {1990}	}

@ARTICLE{magnien:diameter,
  author    = {Cl{\'e}mence Magnien and
               Matthieu Latapy and
               Michel Habib},
  title     = {Fast Computation of Empirically Tight Bounds for the Diameter
               of Massive Graphs},
  journal   = {CoRR},
  volume    = {abs/0904.2728},
  year      = {2009},
  ee        = {http://arxiv.org/abs/0904.2728},
  bibsource = {DBLP, http://dblp.uni-trier.de}
}

@article{BCSU3,
  author="Paolo Boldi and Bruno Codenotti and Massimo Santini and Sebastiano Vigna",
  title="{UbiCrawler: A Scalable Fully Distributed Web Crawler}",
  journal="Software: Practice \& Experience",
  year=2004,
  volume=34,
  number=8,
  pages="711--726"
}

@inproceedings{BoVWFI,
  author ="Paolo Boldi and Sebastiano Vigna",
  title = "The {W}eb{G}raph Framework {I}: {C}ompression Techniques",
  year = 2004,
  booktitle="Proc. of the Thirteenth International World Wide Web Conference (WWW 2004)",
  address="Manhattan, USA",
  pages="595--601",
  publisher="ACM Press"
}
@inproceedings{BRSLLP,
  author = "Paolo Boldi and Marco Rosa and Massimo Santini and Sebastiano Vigna",
  title = "{Layered Label Propagation: A MultiResolution Coordinate-Free Ordering for Compressing Social Networks}",
  booktitle="Proceedings of the 20th international conference on World Wide Web",
  year = 2011,
  publisher="ACM Press"
}

@ARTICLE{zang:imapreduce,
	AUTHOR = "Y. Zhang and Q. Gao and L. Gao  and C. Wang",
	TITLE = "{iMapreduce}: A distributed computing framework for iterative computation",
	JOURNAL = {DataCloud},
	YEAR = {2011}	}

@ARTICLE{bu:haloop,
	AUTHOR = "Yingyi Bu and Bill Howe and Magdalena Balazinska and Michael D. Ernst",
	TITLE = "{HaLoop: Efficient iterative data processing on large clusters}",
	JOURNAL = {Proceedings of the International Conference on Very Large Databases},
	PAGES = {285-296},
	YEAR = {2010}	}

@ARTICLE{boldi:ubi,
  AUTHOR ="Paolo Boldi and Bruno Codenotti and Massimo Santini and Sebastiano Vigna",
  TITLE ="{UbiCrawler: A Scalable Fully Distributed Web Crawler}",
  JOURNAL ="Software: Practice \& Experience",
  YEAR =2004,
  VOLUME=34,
  NUMBER=8,
  PAGES ="711--726"
}

@inproceedings{buluc:kdt,
  title = {{Scalable Complex Graph Analysis with the Knowledge Discovery Toolbox}},
  author = {A. Lugowski and A. Bulu\c{c} and J. R. Gilbert and S. Reinhardt},
  booktitle = {IEEE International Conference on Acoustics, Speech and Signal Processing},
  url = {http://gauss.cs.ucsb.edu/~aydin/ICASSP_12.pdf},
  year = {2012}
}

@INPROCEEDINGS{chen:surfer,
	AUTHOR = "R. Chen and X. Weng and B. He and M. Yang",
	TITLE = "{Large graph processing in the cloud}",
	BOOKTITLE = "Proceedings of the International Conference on Management of Data",
	PAGES = "1123-1126",
	YEAR = {2010}	}
	
@INPROCEEDINGS{dean:mr,
	AUTHOR = "Jeffrey Dean and Sanjay Ghemawat",
	TITLE = "{MapReduce: Simplified data processing on large clusters}",
	BOOKTITLE = "Proceedings of the Symposium on Operating System Design and Implementation",
	PAGES = "137-150",
	YEAR = {2004}	}
	
@inproceedings{ekanayake:twister,
 author = {Ekanayake, Jaliya and Li, Hui and Zhang, Bingjing and Gunarathne, Thilina and Bae, Seung-Hee and Qiu, Judy and Fox, Geoffrey},
 title = {Twister: a runtime for iterative MapReduce},
 booktitle = {Proceedings of the 19th ACM International Symposium on High Performance Distributed Computing},
 series = {HPDC '10},
 year = {2010},
 isbn = {978-1-60558-942-8},
 location = {Chicago, Illinois},
 pages = {810--818},
 numpages = {9},
 url = {http://doi.acm.org/10.1145/1851476.1851593},
 doi = {10.1145/1851476.1851593},
 acmid = {1851593},
 publisher = {ACM},
 address = {New York, NY, USA},
 keywords = {MapReduce, cloud technologies, iterative algorithms}} 

@INPROCEEDINGS{gregor:pbgl,
    author = {D. Gregor and A. Lumsdaine},
    title = {The {P}arallel {BGL}: A {G}eneric {L}ibrary for {D}istributed {G}raph {C}omputations},
    booktitle = {In Parallel Object-Oriented Scientific Computing},
    year = {2005}
}

@INPROCEEDINGS{heath:imagewebs,
	AUTHOR = "K. Heath and N. Gelfand and M. Ovsjanikov and M. Aanjaneya and L.J. Guibas",
	TITLE = "{Image Webs: Computing and Exploiting Connectivity in Image Collections}",
	BOOKTITLE = "Proceedings of the IEEE Conference on Computer Vision and Pattern Recognition",
	PAGES = "3432 - 3439 ",
	YEAR = {2010}	}
	
@inproceedings{hong:greenmarl,
  author    = {Sungpack Hong and
               Hassan Chafi and
               Eric Sedlar and
               Kunle Olukotun},
  title     = {Green-Marl: a DSL for easy and efficient graph analysis},
  booktitle = {Proceedings of the 17th International Conference on Architectural
               Support for Programming Languages and Operating Systems},
  publisher = {ACM},
  year      = {2012},
  pages     = {349-362},
  ee        = {http://doi.acm.org/10.1145/2150976.2151013},
  bibsource = {DBLP, http://dblp.uni-trier.de}
}

@proceedings{DBLP:conf/asplos/2012,
  editor    = {Tim Harris and
               Michael L. Scott},
  title     = {Proceedings of the 17th International Conference on Architectural
               Support for Programming Languages and Operating Systems,
               ASPLOS 2012, London, UK, March 3-7, 2012},
  booktitle = {ASPLOS},
  publisher = {ACM},
  year      = {2012},
  isbn      = {978-1-4503-0759-8},
  bibsource = {DBLP, http://dblp.uni-trier.de}
}

@INPROCEEDINGS{kang:heigen,
	AUTHOR = "U. Kang and B. Meeder and C. Faloutsos",
	TITLE = "{Spectral analysis for billion-scale graphs: Discoveries and implementation}",
	BOOKTITLE = "Proceedings of Pacific Asia Conference on Knowledge Discovery and Data Mining",
	PAGES = "13-25",
	YEAR = {2011}	}
	
@INPROCEEDINGS{kang:pegasus,
	AUTHOR = "U. Kang and C. E. Tsourakakis and C. Faloutsos",
	TITLE = "{PEGASUS: A peta-scale graph mining system -- Implementation and observations}",
	BOOKTITLE = "In Proceedings of the IEEE International Conference on Data Mining",
	PAGES = "229-238",
	YEAR = {2009}	}

@INPROCEEDINGS{krepska:hipg,
	AUTHOR = "E. Krepska and T. Kielmann and W. Fokkink and H. Bal",
	TITLE = "{A high-level framework for distributed processing of large-scale graphs}",
	BOOKTITLE = "Proceedings of the International Conference on Distributed Computing and Networking",
	PAGES = "1123-1126",
	YEAR = {2010}	}

@inproceedings{kwak:twitter,
 author = {Kwak, Haewoon and Lee, Changhyun and Park, Hosung and Moon, Sue},
 title = {What is Twitter, a social network or a news media?},
 booktitle = {Proceedings of the 19th international conference on World wide web},
 series = {WWW '10},
 year = {2010},
 isbn = {978-1-60558-799-8},
 location = {Raleigh, North Carolina, USA},
 pages = {591--600},
 numpages = {10},
 url = {http://doi.acm.org/10.1145/1772690.1772751},
 doi = {http://doi.acm.org/10.1145/1772690.1772751},
 acmid = {1772751},
 publisher = {ACM},
 address = {New York, NY, USA},
 keywords = {Twitter, degree of separation, homophily, influential, information diffusion, online social network, pagerank, reciprocity, retweet},
} 


@INPROCEEDINGS{lin:power,
  author =    {Frank Lin and William W. Cohen},
  title =     {Power Iteration Clustering},
  booktitle = {Proceedings of the 27th International Conference on Machine Learning (ICML-10)},
  pages =     {655--662},
  year =      2010,
  editor =    {Johannes F{\"u}rnkranz and Thorsten Joachims},
  address =   {Haifa, Israel},
  month =     {June},
  URL =       {http://www.icml2010.org/papers/387.pdf},
  publisher = {Omnipress}
}

@INPROCEEDINGS{macqueen:kmeans,
	AUTHOR = {J. MacQueen},
	TITLE = {Some methods for classification and analysis of multivariate observations.},
	BOOKTITLE = {Proceedings of the 5th Berkeley Symposium on Mathematical Statistics and Probability},
	PAGES = {281--297},
	YEAR = {1967}	}

@INPROCEEDINGS{madduri:bc, 
author={Madduri, K. and Ediger, D. and Jiang, K. and Bader, D.A. and Chavarria-Miranda, D.}, 
booktitle={Parallel Distributed Processing, 2009. IPDPS 2009. IEEE International Symposium on}, title={A faster parallel algorithm and efficient multithreaded implementations for evaluating betweenness centrality on massive datasets}, 
year={2009}, 
month={may}, 
volume={}, 
number={}, 
pages={1 -8}, 
keywords={XMT system;betweenness centrality;graph analytics;high-performance computing architectures;massive datasets;multithreaded implementations;parallel algorithm;performance evaluation;vertices;graph theory;multi-threading;parallel algorithms;software architecture;software performance evaluation;}, 
doi={10.1109/IPDPS.2009.5161100}, 
ISSN={1530-2075},}

@INPROCEEDINGS{malewicz:pregel,
	AUTHOR = "Grzegorz Malewicz and Matthew H. Austern and Aart J. C. Bik and James C. Dehnert and Ilan Horn and Naty Leiser and Grzegorz Czajkowski",
	TITLE = "{Pregel: A System for Large-Scale Graph Processing}",
	BOOKTITLE = " Proceedings of the ACM SIGMOD International Conference on Management of Data",
	PAGES = "155-166",
	YEAR = {2011}	}

@INPROCEEDINGS{ng:onspectral,
    author = {Andrew Y. Ng and Michael I. Jordan and Yair Weiss},
    title = {On Spectral Clustering: Analysis and an algorithm},
    booktitle = {Advances In Neural Information Processing Systems},
    year = {2001},
    pages = {849--856},
    publisher = {MIT Press}
}

@inproceedings{olston:pig,
 author = {Olston, Christopher and Reed, Benjamin and Srivastava, Utkarsh and Kumar, Ravi and Tomkins, Andrew},
 title = {Pig latin: a not-so-foreign language for data processing},
 booktitle = {Proceedings of the 2008 ACM SIGMOD international conference on Management of data},
 series = {SIGMOD '08},
 year = {2008},
 isbn = {978-1-60558-102-6},
 location = {Vancouver, Canada},
 pages = {1099--1110},
 numpages = {12},
 url = {http://doi.acm.org/10.1145/1376616.1376726},
 doi = {10.1145/1376616.1376726},
 acmid = {1376726},
 publisher = {ACM},
 address = {New York, NY, USA},
 keywords = {dataflow language, pig latin},
} 

@INPROCEEDINGS{pagerank,
	AUTHOR = "Sergey Brin and Lawrence Page",
	TITLE = "{The Anatomy of Large-Scale Hypertextual Web Search Engine}",
	BOOKTITLE = "Proceedings of the International Conference on The World Wide Web",
	PAGES = "107-117",
	YEAR = {1998}	}

@inproceedings{stutz:signal-collect,
	author={Stutz, P and Bernstein, A and Cohen, W W},
	booktitle={ISWC 2010},
	title={{Signal/Collect: graph algorithms for the (Semantic) Web}},
	year=2010,
}

@INPROCEEDINGS{thusoo:hive,
    author = {Ashish Thusoo and Joydeep Sen Sarma and Namit Jain and Zheng Shao and Prasad Chakka and Suresh Anthony and Hao Liu and Pete Wyckoff and Raghotham Murthy},
    title = {{Hive- A Warehousing Solution Over a Map-Reduce Framework}},
    booktitle = {IN VLDB '09: PROCEEDINGS OF THE VLDB ENDOWMENT},
    year = {2009},
    pages = {1626--1629},
    publisher = {}
}

@inproceedings{yang:sedge,
  author    = {S. Yang and
               X. Yan and
               B. Zong and
               A. Khan},
  title     = {{Towards Effective Partition Management for Large Graphs}},
  booktitle = {Proceedings of the ACM SIGMOD International Conference on Management of Data},
  year      = {2012},
  ee        = {http://doi.acm.org/10.1145/2213836.2213895},
  bibsource = {DBLP, http://dblp.uni-trier.de}
}

@inproceedings{zaharia:spark,
 author = {Zaharia, Matei and Chowdhury, Mosharaf and Franklin, Michael J. and Shenker, Scott and Stoica, Ion},
 title = {{Spark: cluster computing with working sets}},
 booktitle = {Proceedings of the 2nd USENIX conference on Hot topics in cloud computing},
 series = {HotCloud'10},
 year = {2010},
 location = {Boston, MA},
 pages = {10--10},
 numpages = {1},
 url = {http://dl.acm.org/citation.cfm?id=1863103.1863113},
 acmid = {1863113},
 publisher = {USENIX Association},
 address = {Berkeley, CA, USA},
} 
	
@misc{bader:snap,
    author = {David A. Bader and Kamesh Madduri},
    title = {SNAP: small-world Network ANalysis and Partitioning},
    howpublished={http://snap-graph.sourceforge.net}
}
@MISC{bagel,
	KEY="BAGEL",
	TITLE = {{Bagel Programming Guide}},
	HOWPUBLISHED = {https://github.com/mesos/spark/wiki/Bagel-Programming-Guide/}}

@MISC{giraph,
	KEY="GIRAPH",
	TITLE = {{Apache Incubator Giraph}},
	HOWPUBLISHED = {http://incubator.apache.org/giraph//}}
	
@MISC{goldenorb,
	KEY="GOLDENORB",
	TITLE = {{GoldenOrb}},
	HOWPUBLISHED = {http://www.raveldata.com/goldenorb/}}

@MISC{hadoop,
	KEY="HADOOP",
	TITLE = {{Apache Hadoop}},
	HOWPUBLISHED = {http://hadoop.apache.org/}}

@MISC{hama,
	KEY="HAMA",
	TITLE = {{Apache Hama}},
	HOWPUBLISHED = {http://incubator.apache.org/hama/}}

@MISC{hdfs,
	KEY="HDFS",
	TITLE = {{Hadoop Distributed File System}},
	HOWPUBLISHED = {http://hadoop.apache.org/hdfs/}}

@MISC{hipc,
	KEY="HIPC",
	TITLE = {{Hadoop InterProcess Communication}},
	HOWPUBLISHED = {http://wiki.apache.org/hadoop/ipc}}

@misc{huang:scalable, 
	AUTHOR = {Jiewen Huang and Daniel J. Abadi and Kun Ren}, 
	TITLE = {{Scalable SPARQL Querying of Large RDF Graphs}}, 
	HOWPUBLISHED = {PVLDB, 4(21)}, 
	MONTH = {August}, 
	YEAR = {2011}, 
	PAGES = {1123--1134}}

@MISC{jpregel,
	KEY="JPREGEL",
	TITLE = {{JPregel}},
	HOWPUBLISHED = {http://kowshik.github.com/JPregel/}}

@MISC{law,
	KEY="LAW",
	TITLE = {{The Laboratory for Web Algorithmics}},
	HOWPUBLISHED = {http://law.dsi.unimi.it/datasets.php}}

@MISC{mahout,
	KEY="MAHOUT",
	TITLE = {{Apache Mahout}},
	HOWPUBLISHED = {http://mahout.apache.org/}}

@MISC{metis,
	KEY="METIS",
	TITLE = {{METIS Graph Partition Library}},
	HOWPUBLISHED = {http://exoplanet.eu/catalog.php}}

@MISC{mina,
	KEY="MINA",
	TITLE = {{Apache MINA}},
	HOWPUBLISHED = {http://mina.apache.org/}}

@MISC{mpich,
	KEY="MPICH",
	TITLE = {{MPICH2}},
	HOWPUBLISHED = {http://www.mcs.anl.gov/research/projects/mpich2/}}

@MISC{ocamlmpi,
	KEY="OCAMLMPI",
	TITLE = {{OCaml MPI}},
	HOWPUBLISHED = {http://forge.ocamlcore.org/projects/ocamlmpi/}}

@MISC{openmpi,
	KEY="OPENMPI",
	TITLE = {{Open MPI}},
	HOWPUBLISHED = {http://www.open-mpi.org/}}

@MISC{phoebus,
	KEY="PHOEBUS",
	TITLE = {{Phoebus}},
	HOWPUBLISHED = {https://github.com/xslogic/phoebus}}	

@MISC{pympi,
	KEY="PYMPI",
	TITLE = {{pyMPI}},
	HOWPUBLISHED = {http://pympi.sourceforge.net/}}	

@MISC{rastogi:wcc,
	KEY="RMCD",
	AUTHOR={Vibhor Rastogi and Ashwin Machanavajjhala and Laukik Chitnis and Anish Das Sarma},
	TITLE = {{Finding Connected Components on Map-reduce in Logarithmic Rounds}},
	HOWPUBLISHED = {http://arxiv.org/abs/1203.5387}}

@MISC{rdf,
	KEY="RDF",
	TITLE = {{RDF Primer. W3C Recommendation}},
	YEAR = {2004}, 
	HOWPUBLISHED = {http://www.w3.org/TR/rdf-primer}}
	
@MISC{sparql,
	KEY="SPARQL",
	TITLE = {{SPARQL Query Language for RDF. W3C Working Draft 4}},
	MONTH = {October},
	YEAR = {2006}, 
	HOWPUBLISHED = {http://www.w3.org/TR/rdf-sparql-query/}}	

@MISC{trinity,
	KEY="Trinity",
	TITLE = {{Trinity}},
	HOWPUBLISHED = {http://http://research.microsoft.com/en-us/projects/trinity/default.aspx}}	
	
@TECHREPORT{hong:gm-to-gps-tech-report,
    author = {Sungpack Hong and Semih Salihoglu and Jennifer Widom and Kunle Olukotun},
    title = {Tech Report: Compiling Green-Marl into GPS},
    INSTITUTION = {Stanford University},
    month = {October},
    year = {2012},
    howpublished={{http://ppl.stanford.edu/papers/tr\_gm\_gps.pdf}},
}

@TECHREPORT{stanton:partitioning,
	AUTHOR = {Isabelle Stanton and Gabriel Kliot},
	TITLE = {{Streaming Graph Partitioning for Large Distributed Graphs}},
	INSTITUTION = {Microsoft Research Lab},
	month = {November},
	year = {2011},
	HOWPUBLISHED = {http://research.microsoft.com/pubs/155926/streaming_partitioning_msr_tr_ver2.pdf}}
