@article{brandes:bc,
  title={{A faster algorithm for betweenness centrality}},
   author={Brandes, U.},
   journal={The Journal of Mathematical Sociology},
   volume={25},
   number={2},
   pages={163--177},
   year={2001},
} 

@article{buluc:cblas,
  author = {A. Bulu\c{c} and J. R. Gilbert},
  title = {The {C}ombinatorial {BLAS}: Design, {I}mplementation, and {A}pplications},
  journal = {International Journal of High Performance Computing Applications},
  year = {2011},
  volume = {25},
  number = {4},
  pages = {496-509},
  abstract = {http://www.cs.ucsb.edu/research/tech_reports/abstract.php?id=1010},
  url = {http://www.cs.ucsb.edu/research/tech_reports/reports/2010-18.pdf},
  doi = {10.1177/1094342011403516}
}

@article{cevahir:site_based_pagerank,
 author = {A. Cevahir and C. Aykanat and A. Turk and B. B. Cambazoglu},
 title = {Site-Based {P}artitioning and {R}epartitioning {T}echniques for {P}arallel {P}age{R}ank {C}omputation},
 journal = {IEEE Transactions on Parallel Distributed Systems},
 issue_date = {May 2011},
 volume = {22},
 number = {5},
 year = {2011},
 issn = {1045-9219},
 pages = {786-802},
 numpages = {17},
 url = {http://dx.doi.org/10.1109/TPDS.2010.119},
 doi = {10.1109/TPDS.2010.119},
 acmid = {1978448},
 publisher = {IEEE Press},
 address = {Piscataway, NJ, USA},
} 

@ARTICLE{valiant:bsp,
	AUTHOR = "Leslie G. Valiant",
	TITLE = {{"A Bridging Model for Parallel Computation"}},
	JOURNAL = {Communications of the ACM},
	VOLUME = {33},
	NUMBER = {8},
	PAGES = {103-111},
	YEAR = {1990}	}

@ARTICLE{magnien:diameter,
  author    = {Cl{\'e}mence Magnien and
               Matthieu Latapy and
               Michel Habib},
  title     = {Fast Computation of Empirically Tight Bounds for the Diameter
               of Massive Graphs},
  journal   = {CoRR},
  volume    = {abs/0904.2728},
  year      = {2009},
  ee        = {http://arxiv.org/abs/0904.2728},
  bibsource = {DBLP, http://dblp.uni-trier.de}
}

@article{BCSU3,
  author="Paolo Boldi and Bruno Codenotti and Massimo Santini and Sebastiano Vigna",
  title="{UbiCrawler: A Scalable Fully Distributed Web Crawler}",
  journal="Software: Practice And Experience",
  year=2004,
  volume=34,
  number=8,
  pages="711--726"
}

@inproceedings{BoVWFI,
  author ="Paolo Boldi and Sebastiano Vigna",
  title = "The {W}eb{G}raph Framework {I}: {C}ompression Techniques",
  year = 2004,
  booktitle="WWW",
}
@inproceedings{BRSLLP,
  author = "Paolo Boldi and Marco Rosa and Massimo Santini and Sebastiano Vigna",
  title = "{Layered Label Propagation: A MultiResolution Coordinate-Free Ordering for Compressing Social Networks}",
  booktitle="WWW",
  year = 2011
}

@ARTICLE{zang:imapreduce,
	AUTHOR = "Y. Zhang and Q. Gao and L. Gao  and C. Wang",
	TITLE = {{"iMapreduce: A Distributed Computing Framework for Iterative Computation"}},
	JOURNAL = {DataCloud},
	YEAR = {2011}	}

@ inproceedings{bu:haloop,
	AUTHOR = "Yingyi Bu and Bill Howe and Magdalena Balazinska and Michael D. Ernst",
	TITLE = "{{HaLoop: Efficient Iterative Data Processing on Large Clusters}}",
	BookTitle = {VLDB},
	YEAR = {2010}	}

@ARTICLE{boldi:ubi,
  AUTHOR ="Paolo Boldi and Bruno Codenotti and Massimo Santini and Sebastiano Vigna",
  TITLE ="{UbiCrawler: A Scalable Fully Distributed Web Crawler}",
  JOURNAL ="Software: Practice \& Experience",
  YEAR =2004,
  VOLUME=34,
  NUMBER=8,
  PAGES ="711--726"
}

@inproceedings{buluc:kdt,
  title = {{Scalable Complex Graph Analysis with the Knowledge Discovery Toolbox}},
  author = {A. Lugowski and A. Bulu\c{c} and J. R. Gilbert and S. Reinhardt},
  booktitle = {ICASSP},
  year = {2012}
}

@INPROCEEDINGS{chen:surfer,
	AUTHOR = "R. Chen and X. Weng and B. He and M. Yang",
	TITLE = "{Large Graph Processing in the Cloud}",
	BOOKTITLE = "SIGMOD",
	YEAR = {2010}	}
	
@INPROCEEDINGS{dean:mr,
	AUTHOR = "Jeffrey Dean and Sanjay Ghemawat",
	TITLE = "{MapReduce: Simplified data processing on large clusters}",
	BOOKTITLE = "OSDI",
	YEAR = {2004}	}
	
@inproceedings{ekanayake:twister,
 author = {Ekanayake, Jaliya and Li, Hui and Zhang, Bingjing and Gunarathne, Thilina and Bae, Seung-Hee and Qiu, Judy and Fox, Geoffrey},
 title = {{Twister: A Runtime for Iterative MapReduce}},
 booktitle = {HPDC},
 year = {2010}} 

@INPROCEEDINGS{gregor:pbgl,
    author = {D. Gregor and A. Lumsdaine},
    title = {The {P}arallel {BGL}: A {G}eneric {L}ibrary for {D}istributed {G}raph {C}omputations},
    booktitle = {POOSC},
    year = {2005}
}

@INPROCEEDINGS{heath:imagewebs,
	AUTHOR = "K. Heath and N. Gelfand and M. Ovsjanikov and M. Aanjaneya and L.J. Guibas",
	TITLE = "{Image Webs: Computing and Exploiting Connectivity in Image Collections}",
	BOOKTITLE = "Proceedings of the IEEE Conference on Computer Vision and Pattern Recognition",
	PAGES = "3432 - 3439 ",
	YEAR = {2010}	}
	
@inproceedings{hong:greenmarl,
  author    = {Sungpack Hong and
               Hassan Chafi and
               Eric Sedlar and
               Kunle Olukotun},
  title     = {{Green-Marl: A DSL for Easy and Efficient Graph Analysis}},
  booktitle = {ASPLOS},
  year      = {2012},
}

@ INPROCEEDINGS{huang:scalable, 
	AUTHOR = {Jiewen Huang and Daniel J. Abadi and Kun Ren}, 
	TITLE = {{Scalable SPARQL Querying of Large RDF Graphs}}, 
	BOOKTITLE = {VLDB}, 
	YEAR = {2011}}

@INPROCEEDINGS{kang:heigen,
	AUTHOR = "U. Kang and B. Meeder and C. Faloutsos",
	TITLE = "{Spectral analysis for billion-scale graphs: Discoveries and implementation}",
	BOOKTITLE = "Proceedings of Pacific Asia Conference on Knowledge Discovery and Data Mining",
	PAGES = "13-25",
	YEAR = {2011}	}
	
@INPROCEEDINGS{kang:pegasus,
	AUTHOR = "U. Kang and C. E. Tsourakakis and C. Faloutsos",
	TITLE = "{{PEGASUS: A peta-scale graph mining system -- Implementation and Observations}}",
	BOOKTITLE = "ICDM",
	YEAR = {2009}	}

@INPROCEEDINGS{krepska:hipg,
	AUTHOR = "E. Krepska and T. Kielmann and W. Fokkink and H. Bal",
	TITLE = "{A high-level framework for distributed processing of large-scale graphs}",
	BOOKTITLE = "Proceedings of the International Conference on Distributed Computing and Networking",
	PAGES = "1123-1126",
	YEAR = {2010}	}

@inproceedings{kwak:twitter,
 author = {Kwak, Haewoon and Lee, Changhyun and Park, Hosung and Moon, Sue},
 title = {What is Twitter, a social network or a news media?},
 booktitle = {Proceedings of the 19th international conference on World wide web},
 series = {WWW '10},
 year = {2010},
 isbn = {978-1-60558-799-8},
 location = {Raleigh, North Carolina, USA},
 pages = {591--600},
 numpages = {10},
 url = {http://doi.acm.org/10.1145/1772690.1772751},
 doi = {http://doi.acm.org/10.1145/1772690.1772751},
 acmid = {1772751},
 publisher = {ACM},
 address = {New York, NY, USA},
 keywords = {Twitter, degree of separation, homophily, influential, information diffusion, online social network, pagerank, reciprocity, retweet},
} 


@INPROCEEDINGS{lin:power,
  author =    {Frank Lin and William W. Cohen},
  title =     {Power Iteration Clustering},
  booktitle = {Proceedings of the 27th International Conference on Machine Learning (ICML-10)},
  pages =     {655--662},
  year =      2010,
  editor =    {Johannes F{\"u}rnkranz and Thorsten Joachims},
  address =   {Haifa, Israel},
  month =     {June},
  URL =       {http://www.icml2010.org/papers/387.pdf},
  publisher = {Omnipress}
}
@ INPROCEEDINGS{low:graphlab,
  author    = {Yucheng Low and
               Joseph Gonzalez and
               Aapo Kyrola and
               Danny Bickson and
               Carlos Guestrin and
               Joseph M. Hellerstein},
  title     = {{GraphLab: A New Framework for Parallel Machine Learning}},
  BOOKTITLE   = {UAI},
  year      = {2010},
}

@INPROCEEDINGS{macqueen:kmeans,
	AUTHOR = {J. MacQueen},
	TITLE = {Some methods for classification and analysis of multivariate observations.},
	BOOKTITLE = {Proceedings of the 5th Berkeley Symposium on Mathematical Statistics and Probability},
	PAGES = {281--297},
	YEAR = {1967}	}

@INPROCEEDINGS{madduri:bc, 
author={Madduri, K. and Ediger, D. and Jiang, K. and Bader, D.A. and Chavarria-Miranda, D.}, 
booktitle={Parallel Distributed Processing, 2009. IPDPS 2009. IEEE International Symposium on}, title={A faster parallel algorithm and efficient multithreaded implementations for evaluating betweenness centrality on massive datasets}, 
year={2009}, 
month={may}, 
volume={}, 
number={}, 
pages={1 -8}, 
keywords={XMT system;betweenness centrality;graph analytics;high-performance computing architectures;massive datasets;multithreaded implementations;parallel algorithm;performance evaluation;vertices;graph theory;multi-threading;parallel algorithms;software architecture;software performance evaluation;}, 
doi={10.1109/IPDPS.2009.5161100}, 
ISSN={1530-2075},}

@INPROCEEDINGS{malewicz:pregel,
	AUTHOR = "Grzegorz Malewicz and Matthew H. Austern and Aart J. C. Bik and James C. Dehnert and Ilan Horn and Naty Leiser and Grzegorz Czajkowski",
	TITLE = "{{Pregel: A System for Large-Scale Graph Processing}}",
	BOOKTITLE = " SIGMOD",
	YEAR = {2011}	}

@INPROCEEDINGS{ng:onspectral,
    author = {Andrew Y. Ng and Michael I. Jordan and Yair Weiss},
    title = {On Spectral Clustering: Analysis and an algorithm},
    booktitle = {Advances In Neural Information Processing Systems},
    year = {2001},
    pages = {849--856},
    publisher = {MIT Press}
}

@inproceedings{olston:pig,
 author = {Olston, Christopher and Reed, Benjamin and Srivastava, Utkarsh and Kumar, Ravi and Tomkins, Andrew},
 title = {Pig latin: a not-so-foreign language for data processing},
 booktitle = {Proceedings of the 2008 ACM SIGMOD international conference on Management of data},
 series = {SIGMOD '08},
 year = {2008},
 isbn = {978-1-60558-102-6},
 location = {Vancouver, Canada},
 pages = {1099--1110},
 numpages = {12},
 url = {http://doi.acm.org/10.1145/1376616.1376726},
 doi = {10.1145/1376616.1376726},
 acmid = {1376726},
 publisher = {ACM},
 address = {New York, NY, USA},
 keywords = {dataflow language, pig latin},
} 

@INPROCEEDINGS{pagerank,
	AUTHOR = "Sergey Brin and Lawrence Page",
	TITLE = "{The Anatomy of Large-Scale Hypertextual Web Search Engine}",
	BOOKTITLE = "WWW",
	YEAR = 1998
}

@ INPROCEEDINGS{stanton:partitioning,
	AUTHOR = {Isabelle Stanton and Gabriel Kliot},
	TITLE = {{Streaming Graph Partitioning for Large Distributed Graphs}},
	BOOKTITLE = "KDD",
	year = {2011}}

@inproceedings{stutz:signal-collect,
	author={Stutz, P and Bernstein, A and Cohen, W W},
	title={{Signal/Collect: Graph Algorithms for the (Semantic) Web}},
	booktitle={ISWC},
	year=2010,
}

@INPROCEEDINGS{thusoo:hive,
    author = {Ashish Thusoo and Joydeep Sen Sarma and Namit Jain and Zheng Shao and Prasad Chakka and Suresh Anthony and Hao Liu and Pete Wyckoff and Raghotham Murthy},
    title = {{Hive- A Warehousing Solution Over a Map-Reduce Framework}},
    booktitle = {IN VLDB '09: PROCEEDINGS OF THE VLDB ENDOWMENT},
    year = {2009},
    pages = {1626--1629},
    publisher = {}
}

@inproceedings{yang:sedge,
  author    = {S. Yang and
               X. Yan and
               B. Zong and
               A. Khan},
  title     = {{Towards Effective Partition Management for Large Graphs}},
  booktitle = {SIGMOD},
  year      = {2012},
}

@inproceedings{zaharia:spark,
 author = {Zaharia, Matei and Chowdhury, Mosharaf and Franklin, Michael J. and Shenker, Scott and Stoica, Ion},
 title = {{Spark: Cluster Computing With Working Sets}},
 booktitle = {HotCloud},
 year = {2010},
} 
		
@misc{bader:snap,
    author = {David A. Bader and Kamesh Madduri},
    title = {SNAP: small-world Network ANalysis and Partitioning},
    howpublished={http://snap-graph.sourceforge.net}
}

@MISC{bagel,
	KEY="BAGEL",
	TITLE = {{Bagel Programming Guide}},
	HOWPUBLISHED = {https://github.com/mesos/spark/wiki/Bagel-Programming-Guide/}}

@MISC{giraph,
	KEY="APACHE GIRAPH",
	TITLE = {{Apache Incubator Giraph}},
	HOWPUBLISHED = {http://incubator.apache.org/giraph/}}
	
@MISC{goldenorb,
	KEY="GOLDENORB",
	TITLE = {{GoldenOrb}},
	HOWPUBLISHED = {http://www.raveldata.com/goldenorb/}}

@MISC{hadoop,
	KEY="APACHE HADOOP",
	TITLE = {{Apache Hadoop}},
	HOWPUBLISHED = {http://hadoop.apache.org/}}

@MISC{hama,
	KEY="APACHE HAMA",
	TITLE = {{Apache Hama}},
	HOWPUBLISHED = {http://incubator.apache.org/hama/}}

@MISC{hdfs,
	KEY="Hadoop Distributed File System",
	TITLE = {{Hadoop Distributed File System}},
	HOWPUBLISHED = {http://hadoop.apache.org/hdfs/}}

@MISC{hipc,
	KEY="Hadoop InterProcess Communication",
	TITLE = {{Hadoop InterProcess Communication}},
	HOWPUBLISHED = {http://wiki.apache.org/hadoop/ipc}}

@MISC{jpregel,
	KEY="JPREGEL",
	TITLE = {{JPregel}},
	HOWPUBLISHED = {http://kowshik.github.com/JPregel/}}

@MISC{law,
	KEY="Laboratory for Web Algorithmics",
	TITLE = {{The Laboratory for Web Algorithmics}},
	HOWPUBLISHED = {http://law.dsi.unimi.it/datasets.php}}

@MISC{mahout,
	KEY="APACHE MAHOUT",
	TITLE = {{Apache Mahout}},
	HOWPUBLISHED = {http://mahout.apache.org/}}

@MISC{metis,
	KEY="METIS Graph Partition Library",
	TITLE = {{METIS Graph Partition Library}},
	HOWPUBLISHED = {http://exoplanet.eu/catalog.php}}

@MISC{mina,
	KEY="APACHE MINA",
	TITLE = {{Apache MINA}},
	HOWPUBLISHED = {http://mina.apache.org/}}

@MISC{mpich,
	KEY="MPICH",
	TITLE = {{MPICH2}},
	HOWPUBLISHED = {http://www.mcs.anl.gov/research/projects/mpich2/}}

@MISC{ocamlmpi,
	KEY="OCAML MPI",
	TITLE = {{OCaml MPI}},
	HOWPUBLISHED = {http://forge.ocamlcore.org/projects/ocamlmpi/}}

@MISC{openmpi,
	KEY="OPEN MPI",
	TITLE = {{Open MPI}},
	HOWPUBLISHED = {http://www.open-mpi.org/}}

@MISC{phoebus,
	KEY="PHOEBUS",
	TITLE = {{Phoebus}},
	HOWPUBLISHED = {https://github.com/xslogic/phoebus}}	

@MISC{pympi,
	KEY="PYMPI",
	TITLE = {{pyMPI}},
	HOWPUBLISHED = {http://pympi.sourceforge.net/}}	

@MISC{rastogi:wcc,
	KEY="RMCD",
	AUTHOR={Vibhor Rastogi and Ashwin Machanavajjhala and Laukik Chitnis and Anish Das Sarma},
	TITLE = {{Finding Connected Components on Map-reduce in Logarithmic Rounds}},
	HOWPUBLISHED = {http://arxiv.org/abs/1203.5387}}

@MISC{rdf,
	KEY="RDF Primer. W3C Recommendation",
	TITLE = {{RDF Primer. W3C Recommendation}},
	HOWPUBLISHED = {http://www.w3.org/TR/rdf-primer}}
	
@MISC{sparql,
	KEY="SPARQL Query Language for RDF. W3C Working Draft 4",
	TITLE = {{SPARQL Query Language for RDF. W3C Working Draft 4}},
	HOWPUBLISHED = {http://www.w3.org/TR/rdf-sparql-query/}}	
	

@MISC{trinity,
	KEY="Trinity",
	TITLE = {{Trinity}},
	HOWPUBLISHED = {http://http://research.microsoft.com/en-us/projects/trinity/default.aspx}}	
	
@misc{hong:gm-to-gps-tech-report,
    author = {Sungpack Hong and Semih Salihoglu and Jennifer Widom and Kunle Olukotun},
    title = {{Compiling Green-Marl into GPS, Technical Report, Stanford University, October, 2012}},
    howpublished={\url{http://ppl.stanford.edu/papers/tr_gm_gps.pdf}},
}
